@inproceedings{myth,
  author    = {Peter{-}Michael Osera and
               Steve Zdancewic},
  editor    = {David Grove and
               Steve Blackburn},
  title     = {Type-and-example-directed program synthesis},
  booktitle = {Proceedings of the 36th {ACM} {SIGPLAN} Conference on Programming
               Language Design and Implementation, Portland, OR, USA, June 15-17,
               2015},
  pages     = {619--630},
  publisher = {{ACM}},
  year      = {2015},
  url       = {https://doi.org/10.1145/2737924.2738007},
  doi       = {10.1145/2737924.2738007},
  timestamp = {Tue, 06 Nov 2018 16:59:30 +0100},
  biburl    = {https://dblp.org/rec/conf/pldi/OseraZ15.bib},
  bibsource = {dblp computer science bibliography, https://dblp.org}
}



@inproceedings{synquid,
  author    = {Nadia Polikarpova and
               Ivan Kuraj and
               Armando Solar{-}Lezama},
  editor    = {Chandra Krintz and
               Emery Berger},
  title     = {Program synthesis from polymorphic refinement types},
  booktitle = {Proceedings of the 37th {ACM} {SIGPLAN} Conference on Programming
               Language Design and Implementation, {PLDI} 2016, Santa Barbara, CA,
               USA, June 13-17, 2016},
  pages     = {522--538},
  publisher = {{ACM}},
  year      = {2016},
  url       = {https://doi.org/10.1145/2908080.2908093},
  doi       = {10.1145/2908080.2908093},
  timestamp = {Tue, 06 Nov 2018 16:59:30 +0100},
  biburl    = {https://dblp.org/rec/conf/pldi/PolikarpovaKS16.bib},
  bibsource = {dblp computer science bibliography, https://dblp.org}
}

@article{tygar,
  author    = {Zheng Guo and
               Michael James and
               David Justo and
               Jiaxiao Zhou and
               Ziteng Wang and
               Ranjit Jhala and
               Nadia Polikarpova},
  title     = {Program synthesis by type-guided abstraction refinement},
  journal   = {Proc. {ACM} Program. Lang.},
  volume    = {4},
  number    = {{POPL}},
  pages     = {12:1--12:28},
  year      = {2020},
  url       = {https://doi.org/10.1145/3371080},
  doi       = {10.1145/3371080},
  timestamp = {Thu, 16 Apr 2020 13:51:47 +0200},
  biburl    = {https://dblp.org/rec/journals/pacmpl/GuoJJZWJP20.bib},
  bibsource = {dblp computer science bibliography, https://dblp.org}
}




@inproceedings{lambda2,
  author    = {John K. Feser and
               Swarat Chaudhuri and
               Isil Dillig},
  editor    = {David Grove and
               Steve Blackburn},
  title     = {Synthesizing data structure transformations from input-output examples},
  booktitle = {Proceedings of the 36th {ACM} {SIGPLAN} Conference on Programming
               Language Design and Implementation, Portland, OR, USA, June 15-17,
               2015},
  pages     = {229--239},
  publisher = {{ACM}},
  year      = {2015},
  url       = {https://doi.org/10.1145/2737924.2737977},
  doi       = {10.1145/2737924.2737977},
  timestamp = {Tue, 06 Nov 2018 16:59:30 +0100},
  biburl    = {https://dblp.org/rec/conf/pldi/FeserCD15.bib},
  bibsource = {dblp computer science bibliography, https://dblp.org}
}

